<record><leader>00000cas a22000007a 4500</leader><controlfield tag="001">28287787</controlfield><controlfield tag="008">930617u1985uuuuokuqr ne      0    0eng d</controlfield><datafield ind1=" " ind2=" " tag="010"><subfield code="a">sn 93050488 </subfield></datafield><datafield ind1=" " ind2=" " tag="040"><subfield code="a">ANU</subfield><subfield code="b">eng</subfield><subfield code="c">ANU</subfield><subfield code="d">OCLCQ</subfield><subfield code="d">OCLCF</subfield><subfield code="d">OCLCO</subfield></datafield><datafield ind1="1" ind2=" " tag="029"><subfield code="a">AU@</subfield><subfield code="b">000025884885</subfield></datafield><datafield ind1=" " ind2=" " tag="042"><subfield code="a">msc</subfield></datafield><datafield ind1="0" ind2="4" tag="245"><subfield code="a">The Otoe-Missourian.</subfield></datafield><datafield ind1=" " ind2=" " tag="260"><subfield code="a">Red Rock, Ok :</subfield><subfield code="b">Otoe-Missourian Tribe</subfield></datafield><datafield ind1=" " ind2=" " tag="300"><subfield code="a">v.</subfield></datafield><datafield ind1=" " ind2=" " tag="310"><subfield code="a">Quarterly</subfield></datafield><datafield ind1="1" ind2=" " tag="362"><subfield code="a">Began in 1985.</subfield></datafield><datafield ind1=" " ind2=" " tag="588"><subfield code="a">Description based on: Vol. 1, issue 2 (Oct. 1, 1985).</subfield></datafield><datafield ind1=" " ind2="0" tag="650"><subfield code="a">Oto Indians</subfield><subfield code="v">Newspapers.</subfield></datafield><datafield ind1=" " ind2="0" tag="650"><subfield code="a">Missouri Indians</subfield><subfield code="v">Newspapers.</subfield></datafield><datafield ind1=" " ind2="7" tag="655"><subfield code="a">Newspapers.</subfield><subfield code="2">fast</subfield><subfield code="0">(OCoLC)fst01423814</subfield></datafield><datafield ind1=" " ind2="7" tag="650"><subfield code="a">Missouri Indians.</subfield><subfield code="2">fast</subfield><subfield code="0">(OCoLC)fst01023949</subfield></datafield><datafield ind1=" " ind2="7" tag="650"><subfield code="a">Oto Indians.</subfield><subfield code="2">fast</subfield><subfield code="0">(OCoLC)fst01048934</subfield></datafield><datafield ind1="1" ind2=" " tag="710"><subfield code="a">Otoe-Missouria Tribe of Indians, Oklahoma.</subfield></datafield><datafield ind1=" " ind2=" " tag="752"><subfield code="a">United States</subfield><subfield code="b">Oklahoma</subfield><subfield code="c">Noble</subfield><subfield code="d">Red Rock.</subfield></datafield></record>